@inproceedings{DBLP:conf/icdar/RusinolBD13,
  author    = {Mar{\c{c}}al Rusi{\~{n}}ol and
               Tayeb Benkhelfallah and
               Vincent Poulain D'Andecy},
  title     = {Field Extraction from Administrative Documents by Incremental Structural
               Templates},
  booktitle = {12th International Conference on Document Analysis and Recognition,
               {ICDAR} 2013, Washington, DC, USA, August 25-28, 2013},
  pages     = {1100--1104},
  year      = {2013},
  crossref  = {DBLP:conf/icdar/2013},
  url       = {https://doi.org/10.1109/ICDAR.2013.223},
  doi       = {10.1109/ICDAR.2013.223},
  timestamp = {Tue, 30 Jan 2018 12:57:23 +0100},
  biburl    = {https://dblp.org/rec/bib/conf/icdar/RusinolBD13},
  bibsource = {dblp computer science bibliography, https://dblp.org}
}

@article{DBLP:journals/jmlr/BleiNJ03,
  author    = {David M. Blei and
               Andrew Y. Ng and
               Michael I. Jordan},
  title     = {Latent Dirichlet Allocation},
  journal   = {Journal of Machine Learning Research},
  volume    = {3},
  pages     = {993--1022},
  year      = {2003},
  url       = {http://www.jmlr.org/papers/v3/blei03a.html},
  timestamp = {Thu, 05 Feb 2004 13:43:02 +0100},
  biburl    = {https://dblp.org/rec/bib/journals/jmlr/BleiNJ03},
  bibsource = {dblp computer science bibliography, https://dblp.org}
}
@inproceedings{DBLP:conf/nips/HoffmanBB10,
  author    = {Matthew D. Hoffman and
               David M. Blei and
               Francis R. Bach},
  title     = {Online Learning for Latent Dirichlet Allocation},
  booktitle = {Advances in Neural Information Processing Systems 23: 24th Annual
               Conference on Neural Information Processing Systems 2010. Proceedings
               of a meeting held 6-9 December 2010, Vancouver, British Columbia,
               Canada.},
  pages     = {856--864},
  year      = {2010},
  crossref  = {DBLP:conf/nips/2010},
  url       = {http://papers.nips.cc/paper/3902-online-learning-for-latent-dirichlet-allocation},
  timestamp = {Thu, 11 Dec 2014 17:34:08 +0100},
  biburl    = {https://dblp.org/rec/bib/conf/nips/HoffmanBB10},
  bibsource = {dblp computer science bibliography, https://dblp.org}
}

@proceedings{DBLP:conf/nips/2010,
  editor    = {John D. Lafferty and
               Christopher K. I. Williams and
               John Shawe{-}Taylor and
               Richard S. Zemel and
               Aron Culotta},
  title     = {Advances in Neural Information Processing Systems 23: 24th Annual
               Conference on Neural Information Processing Systems 2010. Proceedings
               of a meeting held 6-9 December 2010, Vancouver, British Columbia,
               Canada},
  publisher = {Curran Associates, Inc.},
  year      = {2010},
  url       = {http://papers.nips.cc/book/advances-in-neural-information-processing-systems-23-2010},
  timestamp = {Thu, 11 Dec 2014 17:34:08 +0100},
  biburl    = {https://dblp.org/rec/bib/conf/nips/2010},
  bibsource = {dblp computer science bibliography, https://dblp.org}
}


@inproceedings{DBLP:conf/nips/TehJBB04,
  author    = {Yee Whye Teh and
               Michael I. Jordan and
               Matthew J. Beal and
               David M. Blei},
  title     = {Sharing Clusters among Related Groups: Hierarchical Dirichlet Processes},
  booktitle = {Advances in Neural Information Processing Systems 17 [Neural Information
               Processing Systems, {NIPS} 2004, December 13-18, 2004, Vancouver,
               British Columbia, Canada]},
  pages     = {1385--1392},
  year      = {2004},
  crossref  = {DBLP:conf/nips/2004},
  url       = {http://papers.nips.cc/paper/2698-sharing-clusters-among-related-groups-hierarchical-dirichlet-processes},
  timestamp = {Thu, 11 Dec 2014 17:34:07 +0100},
  biburl    = {https://dblp.org/rec/bib/conf/nips/TehJBB04},
  bibsource = {dblp computer science bibliography, https://dblp.org}
}

@proceedings{DBLP:conf/nips/2004,
  title     = {Advances in Neural Information Processing Systems 17 [Neural Information
               Processing Systems, {NIPS} 2004, December 13-18, 2004, Vancouver,
               British Columbia, Canada]},
  year      = {2004},
  url       = {http://papers.nips.cc/book/advances-in-neural-information-processing-systems-17-2004},
  timestamp = {Thu, 11 Dec 2014 17:34:07 +0100},
  biburl    = {https://dblp.org/rec/bib/conf/nips/2004},
  bibsource = {dblp computer science bibliography, https://dblp.org}
}

